@article{barber2015controlling,
  title={Controlling the false discovery rate via knockoffs},
  author={Barber, Rina Foygel and Cand{\`e}s, Emmanuel J and others},
  journal={The Annals of Statistics},
  volume={43},
  number={5},
  pages={2055--2085},
  year={2015},
  publisher={Institute of Mathematical Statistics}
}

@article{love2014moderated,
  title={Moderated estimation of fold change and dispersion for RNA-seq data with DESeq2},
  author={Love, Michael I and Huber, Wolfgang and Anders, Simon},
  journal={Genome biology},
  volume={15},
  number={12},
  pages={550},
  year={2014},
  publisher={BioMed Central}
}

@article{benjamini1995controlling,
  title={Controlling the false discovery rate: a practical and powerful approach to multiple testing},
  author={Benjamini, Yoav and Hochberg, Yosef},
  journal={Journal of the royal statistical society. Series B (Methodological)},
  pages={289--300},
  year={1995},
  publisher={JSTOR}
}

@article{kelly2015power,
  title={Power and sample-size estimation for microbiome studies using pairwise distances and PERMANOVA},
  author={Kelly, Brendan J and Gross, Robert and Bittinger, Kyle and Sherrill-Mix, Scott and Lewis, James D and Collman, Ronald G and Bushman, Frederic D and Li, Hongzhe},
  journal={Bioinformatics},
  volume={31},
  number={15},
  pages={2461--2468},
  year={2015},
  publisher={Oxford University Press}
}

@article{mcmurdie2014waste,
  title={Waste not, want not: why rarefying microbiome data is inadmissible},
  author={McMurdie, Paul J and Holmes, Susan},
  journal={PLoS computational biology},
  volume={10},
  number={4},
  pages={e1003531},
  year={2014},
  publisher={Public Library of Science}
}

@article{tibshirani1996regression,
  title={Regression shrinkage and selection via the lasso},
  author={Tibshirani, Robert},
  journal={Journal of the Royal Statistical Society. Series B (Methodological)},
  pages={267--288},
  year={1996},
  publisher={JSTOR}
}

@article{janson2016familywise,
  title={Familywise error rate control via knockoffs},
  author={Janson, Lucas and Su, Weijie and others},
  journal={Electronic Journal of Statistics},
  volume={10},
  number={1},
  pages={960--975},
  year={2016},
  publisher={The Institute of Mathematical Statistics and the Bernoulli Society}
}

@article{candes2016panning,
  title={Panning for gold: Model-free knockoffs for high-dimensional controlled variable selection},
  author={Candes, Emmanuel and Fan, Yingying and Janson, Lucas and Lv, Jinchi},
  journal={arXiv preprint arXiv:1610.02351},
  year={2016}
}

@article{katsevich2017multilayer,
  title={Multilayer Knockoff Filter: Controlled variable selection at multiple resolutions},
  author={Katsevich, Eugene and Sabatti, Chiara},
  journal={arXiv preprint arXiv:1706.09375},
  year={2017}
}

@article{sesia2017gene,
  title={Gene Hunting with Knockoffs for Hidden Markov Models},
  author={Sesia, Matteo and Sabatti, Chiara and Cand{\`e}s, Emmanuel J},
  journal={arXiv preprint arXiv:1706.04677},
  year={2017}
}

@article{fan2017rank,
  title={RANK: Large-Scale Inference with Graphical Nonlinear Knockoffs},
  author={Fan, Yingying and Demirkaya, Emre and Li, Gaorong and Lv, Jinchi},
  journal={arXiv preprint arXiv:1709.00092},
  year={2017}
}
